@Book{Rybicka:Latex_pro_zacatecniky,
author = "Rybička, Jiří",
title = "{{\LaTeX}} pro začátečníky",
publisher = "Konvoj",
year = "2003",
edition = "3",
address = "Brno",
isbn = "80--7302--049--1",
}

@Book{Kottwitz:LaTeX_beginner's_guide,
author = "Stefan Kottwitz",
title = "LaTeX beginner's guide",
publisher = "Packt Publishing",
year = "2011",
address = "Birmingham",
isbn = "18-471-9986-0",
}

@BachelorThesis{Polak:Pismo_pro_3D_zapisovac,
author = "Polák, Jaromír",
title = "Písmo pro 3D zapisovač",
school = "VUT FEKT v~Brně",
address = "Brno",
year = "2011",
}

@MasterThesis{Bednar:Tvorba_pisma_OpenType,
author = "Bednár, Peter",
title = "Tvorba písma OpenType volně dostupnými softwarovými prostředky",
school = "VUT FEKT v~Brně",
address = "Brno",
year = "2011",
}

@Misc{Martinek:Latex,
author = "Martinek, David",
title = "{{\LaTeX}}ové speciality",
howpublished = "online",
revised = "Poslední změna 25. února 2010",
cited = "!2014-04-22",
url = "http://www.fit.vutbr.cz/{{\verb|~|}}martinek/latex/index.html",
}

@Misc{Wiki:Typografia,
author = "Wikipedia",
title = "Typografia (umenie)",
howpublished = "online",
revised = "Poslední změna 17. prosince 2013",
cited = "!2014-04-22",
url = "http://sk.wikipedia.org/wiki/Typografia{{\verb|_|}}(umenie)",
}

@Misc{CSTug:web,
author = "CsTug",
title = "Czechoslovak Tex User Group",
howpublished = "online",
revised = "Poslední změna 3. listopad 2013",
cited = "!2012-04-14",
url = "http://www.cstug.cz/",
}

@InProceedings{TeX_conf:Proc,
author = "Syropulos, Apostolos and Berry, Karl and others",
title = "Tex, XML, and Digital Typography",
booktitle = "International Conference on TeX, XML, and Digital Typography Held Jointly with the 25th Annual Meeting of the TeX User Group",
address = "Berlin",
publisher = "Springer--Verlag",
year = "2004",
isbn = "3--540--22801--2",
}

@Article{TYPO:Pritomna_budoucnost,
author = "Pecina Martin",
title = "Přítomná budoucnost digitálního čtení",
journal = "TYPO",
year = "2011",
number = "43",
pages = "16--23",
issn = "1214-0716",
}

@Article{TYPO:Indicka_pisma,
author = "Dávid Březina",
title = "Indická písma",
journal = "TYPO",
year = "2011",
number = "48",
pages = "32--37",
issn = "1214-0716",
}